@article{Deb2013,
author = {Sonjoy Deb},
title ={Automation and Robotics Based Technologies for Road Construction, Maintenance and Operations},
journal = {The Masterbuilder},
year = {2013},
month = {April}
}

@article{Skibniewski1990,
author = {Miroslaw Skibniewski and Chris Hendrickson},
title = {Automation and Robotics for Road Construction and Maintenance},
journal = {Journal of Transportation Engineering},
volume = {116, issue 3},
year = {1990},
month = {May}
}

@article{Maynard2005,
author = {Christopher M. Maynard},
title = {A Novel Approach for Road Construction using an Automated Paving Robot},
journal = {Ohio University},
year = {2005},
month = {October}
}

@article{Hong1997,
author = {Daehie Hone and Stevan A. Velinsky and Kazuo Yamazaki},
title = {Tethered Mobile Robot for Automating Highway Maintenance Operations},
journal = {Robotics \& Computer-Integrated Manufacturing},
volume = {13},
number = {4},
pages = {297-307},
year = {1997}
}